@book{ref:lurie,
   title = {Higher Algebra},
   author = {Lurie, Jacob},
   %publisher = {Cambridge University Press},
   %address = {Cambridge, New York},
   url = {https://www.math.ias.edu/~lurie/papers/HA.pdf},
   %isbn = {0-521-79160-X},
   year = {2017}
}
