@book{fraleigh,
   title = {A First Course in Abstract Algebra, 7th edition},
   author = {Fraleigh, John},
   %publisher = {Cambridge University Press},
   %address = {Cambridge, New York},
   %url = {https://www.math.ias.edu/~lurie/papers/HA.pdf},
   %isbn = {0-521-79160-X},
   year = {2003}
}

