@book{lurie,
   title = {Higher Algebra},
   author = {Lurie, Jacob},
   %publisher = {Cambridge University Press},
   %address = {Cambridge, New York},
   url = {https://www.math.ias.edu/~lurie/papers/HA.pdf},
   %isbn = {0-521-79160-X},
   year = {2017}
}

@book{adams,
      title={Stable Homotopy Theory},
      author={Adams, J.F.},
      isbn={978-3-662-15942-2},
      series={Lectures Notes in Mathematics},
      url={https://link.springer.com/chapter/10.1007/978-3-662-15942-2_3},
      year={1964},
      publisher={Springer}
}

@book{may,
      title={A Concise Course in Algebraic Topology},
      author={May, J.P.},
      isbn={9780226511832},
      lccn={99296133},
      series={Chicago Lectures in Mathematics},
      url={http://www.math.uchicago.edu/~may/CONCISE/ConciseRevised.pdf},
      year={1999},
      publisher={University of Chicago Press}
}

@article{thom,
  title={Quelques propri{\'e}t{\'e}s globales des vari{\'e}t{\'e}s diff{\'e}rentiables},
  author={Thom, Ren{\'e}},
  journal={Commentarii Mathematici Helvetici},
  volume={28},
  number={1},
  pages={17--86},
  year={1954},
  publisher={Springer}
}

@book{mac,
  title={Categories for the working mathematician},
  author={Mac Lane, Saunders},
  volume={5},
  year={2013},
  publisher={Springer Science \& Business Media}
}

@article{fht,
  title={Consistent orientation of moduli spaces},
  author={Freed, Daniel S and Hopkins, Michael J and Teleman, Constantin},
  journal={arXiv preprint arXiv:0711.1909},
  year={2007}
}


@misc{ft,
      title={Relative quantum field theory}, 
      author={Daniel S. Freed and Constantin Teleman},
      year={2014},
      eprint={1212.1692},
      archivePrefix={arXiv},
      primaryClass={hep-th}
}

@misc{fh,
      title={Reflection positivity and invertible topological phases}, 
      author={Daniel S. Freed and Michael J. Hopkins},
      year={2019},
      eprint={1604.06527},
      archivePrefix={arXiv},
      primaryClass={hep-th}
}

@misc{fh2,
      title={Consistency of M-Theory on nonorientable manifolds}, 
      author={Daniel S. Freed and Michael J. Hopkins},
      year={2021},
      eprint={1908.09916},
      archivePrefix={arXiv},
      primaryClass={hep-th}
}

@article{gmtw,
  title={The homotopy type of the cobordism category},
  author={Galatius, S{\o}ren and Madsen, Ib and Tillmann, Ulrike and Weiss, Michael},
  journal={Acta mathematica},
  volume={202},
  number={2},
  pages={195--239},
  year={2009},
  publisher={Institut Mittag-Leffler}
}

@article{nguyen,
  title={On the infinite loop space structure of the cobordism category},
  author={Nguyen, Hoang Kim},
  journal={Algebraic \& Geometric Topology},
  volume={17},
  number={2},
  pages={1021--1040},
  year={2017},
  publisher={Mathematical Sciences Publishers}
}

@article{kkno,
  title={Cutting and Pasting of Manifolds},
  author={Karras, U and Kreck, M and Neumann, W.D. and Ossa, E},
  journal={Mathematics Lecture Series},
  number={1},
  year={1973},
  publisher={Publish or Perish}
}

@book{cc,
  title={Characteristic Classes},
  author={Milnor, John Willard and Stasheff, James},
  year={1974},
  publisher={Princeton University Press}
}

@article{jo,
  title={Modeling stable one-types},
  author={Johnson, Niles and Osorno, Ang{\'e}lica M},
  journal={arXiv preprint arXiv:1201.2686},
  year={2012}
}

@article{mopsv,
  title={Stable homotopy hypothesis in the Tamsamani model},
  author={Moser, Lyne and Ozornova, Viktoriya and Paoli, Simona and Sarazola, Maru and Verdugo, Paula},
  journal={arXiv preprint arXiv:2001.05577},
  year={2020}
}

@misc{sp,
      title={Invertible Topological Field Theories}, 
      author={Christopher Schommer-Pries},
      year={2017},
      eprint={1712.08029},
      archivePrefix={arXiv},
      primaryClass={math.AT}
}

@article{ega,
  title={{\'E}l{\'e}ments de g{\'e}om{\'e}trie alg{\'e}brique: I. Le langage des sch{\'e}mas},
  author={Grothendieck, Alexander},
  journal={Publications Math{\'e}matiques de l'IH{\'E}S},
  volume={4},
  pages={5--228},
  year={1960}
}

